
@article{wu2004modeling,
  title={Modeling and deadlock control of automated guided vehicle systems},
  author={Wu, Naiqi and Zhou, Mengchu},
  journal={IEEE/ASME transactions on mechatronics},
  volume={9},
  number={1},
  pages={50--57},
  year={2004},
  publisher={IEEE}
}

@article{wang2009autonomous,
  title={Autonomous ground vehicle control system for high-speed and safe operation},
  author={Wang, Junmin and Steiber, Joe and Surampudi, Bapiraju},
  journal={International Journal of Vehicle Autonomous Systems},
  volume={7},
  number={1-2},
  pages={18--35},
  year={2009},
  publisher={Inderscience Publishers}
}


@inproceedings{oleari2014industrial,
  title={Industrial AGVs: Toward a pervasive diffusion in modern factory warehouses},
  author={Oleari, Fabio and Magnani, Massimiliano and Ronzoni, Davide and Sabattini, Lorenzo},
  booktitle={Intelligent Computer Communication and Processing (ICCP), 2014 IEEE International Conference on},
  pages={233--238},
  year={2014},
  organization={IEEE}
}

@inproceedings{rawlings1999tutorial,
  title={Tutorial: Model predictive control technology},
  author={Rawlings, James B},
  booktitle={American Control Conference, 1999. Proceedings of the 1999},
  volume={1},
  pages={662--676},
  year={1999},
  organization={IEEE}
}

@article{mayne2000constrained,
  title={Constrained model predictive control: Stability and optimality},
  author={Mayne, David Q and Rawlings, James B and Rao, Christopher V and Scokaert, Pierre OM},
  journal={Automatica},
  volume={36},
  number={6},
  pages={789--814},
  year={2000},
  publisher={Elsevier}
}

@article{limon2006stability,
  title={On the stability of constrained MPC without terminal constraint},
  author={Lim{\'o}n, Daniel and Alamo, Teodoro and Salas, Francisco and Camacho, Eduardo F},
  journal={IEEE transactions on automatic control},
  volume={51},
  number={5},
  pages={832--836},
  year={2006},
  publisher={IEEE}
}

@article{dughman2015survey,
  title={A survey of guaranteeing feasibility and stability in MPC during target changes},
  author={Dughman, SS and Rossiter, JA},
  journal={IFAC-PapersOnLine},
  volume={48},
  number={8},
  pages={813--818},
  year={2015},
  publisher={Elsevier}
}

@article{zhang2016switched,
  title={Switched model predictive control of switched linear systems: Feasibility, stability and robustness},
  author={Zhang, Lixian and Zhuang, Songlin and Braatz, Richard D},
  journal={Automatica},
  volume={67},
  pages={8--21},
  year={2016},
  publisher={Elsevier}
}

@article{boccia2014stability,
  title={Stability and feasibility of state constrained MPC without stabilizing terminal constraints},
  author={Boccia, Andrea and Gr{\"u}ne, Lars and Worthmann, Karl},
  journal={Systems \& control letters},
  volume={72},
  pages={14--21},
  year={2014},
  publisher={Elsevier}
}

@article{mejari2014stabilization,
  title={Stabilization of 2-D Spider Crane with Non-Convex State Constraints using MPC},
  author={Mejari, Manas and Gupta, Ankit and Ketkar, Vishwanath and Datar, Mandar and Singh, Navdeep and Kazi, Faruk},
  journal={IFAC Proceedings Volumes},
  volume={47},
  number={1},
  pages={593--598},
  year={2014},
  publisher={Elsevier}
}

@article{hovgaard2013nonconvex,
  title={Nonconvex model predictive control for commercial refrigeration},
  author={Hovgaard, Tobias Gybel and Boyd, Stephen and Larsen, Lars FS and J{\o}rgensen, John Bagterp},
  journal={International Journal of Control},
  volume={86},
  number={8},
  pages={1349--1366},
  year={2013},
  publisher={Taylor \& Francis}
}

@article{liu2018convex,
  title={The convex feasible set algorithm for real time optimization in motion planning},
  author={Liu, Changliu and Lin, Chung-Yen and Tomizuka, Masayoshi},
  journal={SIAM Journal on Control and Optimization},
  volume={56},
  number={4},
  pages={2712--2733},
  year={2018},
  publisher={SIAM}
}

@inproceedings{chen2018foad,
  title={FOAD: Fast Optimization-based Autonomous Driving Motion Planner},
  author={Chen, Jianyu and Liu, Changliu and Tomizuka, Masayoshi},
  booktitle={2018 Annual American Control Conference (ACC)},
  pages={4725--4732},
  year={2018},
  organization={IEEE}
}

@inproceedings{tassa2012synthesis,
  title={Synthesis and stabilization of complex behaviors through online trajectory optimization},
  author={Tassa, Yuval and Erez, Tom and Todorov, Emanuel},
  booktitle={Intelligent Robots and Systems (IROS), 2012 IEEE/RSJ International Conference on},
  pages={4906--4913},
  year={2012},
  organization={IEEE}
}

@article{borrelli2005mpc,
  title={MPC-based approach to active steering for autonomous vehicle systems},
  author={Borrelli, Francesco and Falcone, Paolo and Keviczky, Tamas and Asgari, Jahan and Hrovat, Davor},
  journal={International Journal of Vehicle Autonomous Systems},
  volume={3},
  number={2-4},
  pages={265--291},
  year={2005},
  publisher={Inderscience Publishers}
}

@article{kothare1996robust,
  title={Robust constrained model predictive control using linear matrix inequalities},
  author={Kothare, Mayuresh V and Balakrishnan, Venkataramanan and Morari, Manfred},
  journal={Automatica},
  volume={32},
  number={10},
  pages={1361--1379},
  year={1996},
  publisher={Elsevier}
}

@article{chisci2001systems,
  title={Systems with persistent disturbances: predictive control with restricted constraints},
  author={Chisci, Luigi and Rossiter, J Anthony and Zappa, Giovanni},
  journal={Automatica},
  volume={37},
  number={7},
  pages={1019--1028},
  year={2001},
  publisher={Elsevier}
}

@article{kuwata2007distributed,
  title={Distributed robust receding horizon control for multivehicle guidance},
  author={Kuwata, Yoshiaki and Richards, Arthur and Schouwenaars, Tom and How, Jonathan P},
  journal={IEEE Transactions on Control Systems Technology},
  volume={15},
  number={4},
  pages={627--641},
  year={2007},
  publisher={IEEE}
}

@inproceedings{luders2010chance,
  title={Chance constrained RRT for probabilistic robustness to environmental uncertainty},
  author={Luders, Brandon and Kothari, Mangal and How, Jonathan},
  booktitle={AIAA guidance, navigation, and control conference},
  pages={8160},
  year={2010}
}

@inproceedings{kumar2013learning,
  title={Learning-based approach for online lane change intention prediction},
  author={Kumar, Puneet and Perrollaz, Mathias and Lefevre, St{\'e}phanie and Laugier, Christian},
  booktitle={Intelligent Vehicles Symposium (IV), 2013 IEEE},
  pages={797--802},
  year={2013},
  organization={IEEE}
}


@inproceedings{jess2018mstable,
  title={M-Analysis for non-convex motion planning using MPC framework},
  author={Leu, Jessica and Liu, Changliu and Tomizuka, Masayoshi},
  booktitle={in submission},
  pages={},
  year={},
  organization={}
}

@article{goodrich2008human,
  title={Human--robot interaction: a survey},
  author={Goodrich, Michael A and Schultz, Alan C and others},
  journal={Foundations and Trends{\textregistered} in Human--Computer Interaction},
  volume={1},
  number={3},
  pages={203--275},
  year={2008},
  publisher={Now Publishers, Inc.}
}

@article{kruse2013human,
  title={Human-aware robot navigation: A survey},
  author={Kruse, Thibault and Pandey, Amit Kumar and Alami, Rachid and Kirsch, Alexandra},
  journal={Robotics and Autonomous Systems},
  volume={61},
  number={12},
  pages={1726--1743},
  year={2013},
  publisher={Elsevier}
}
  
@inproceedings{y2018a,
  title={Human Motion Prediction using Adaptable Neural Networks},
  author={Cheng, Y and Liu, Changliu and Zhao, W and Tomizuka, Masayoshi},
  booktitle={arXiv:1810.00781},
  pages={},
  year={},
  organization={}

}

@article{butepage2017anticipating,
	Author = {B{\"u}tepage, Judith and Kjellstr{\"o}m, Hedvig and Kragic, Danica},
	Journal = {arXiv preprint arXiv:1702.08212},
	Title = {Anticipating many futures: Online human motion prediction and synthesis for human-robot collaboration},
	Year = {2017}}